<?xml version="1.0" encoding="UTF-8"?><collection xmlns="http://www.loc.gov/MARC21/slim"><record><leader>00486nam--2200169-i-4500</leader><controlfield tag="001">000021671</controlfield><controlfield tag="002">20161230</controlfield><controlfield tag="005">20161230201034</controlfield><controlfield tag="008">060222s1000------------r-----000-0-eng-d</controlfield><datafield ind1=" " ind2=" " tag="040"><subfield code="a">IFIN-HH</subfield></datafield><datafield ind1=" " ind2=" " tag="080"><subfield code="a">53(07)</subfield></datafield><datafield ind1="1" ind2=" " tag="100"><subfield code="a">Flugge, S</subfield></datafield><datafield ind1="1" ind2="0" tag="245"><subfield code="a">Handbuch der physik. edcyclopedia of physics. xxxvii/2. molekule ii. vol. xxxvii/2. molecules ii</subfield><subfield code="c">S. flugge (ed.)</subfield></datafield><datafield ind1=" " ind2=" " tag="260"><subfield code="a">Berlin</subfield><subfield code="b">Springer-verlag</subfield><subfield code="c">1961</subfield></datafield><datafield ind1=" " ind2=" " tag="300"><subfield code="a">VI+303P</subfield></datafield><datafield ind1=" " ind2=" " tag="852"><subfield code="a">10740</subfield><subfield code="c">53</subfield></datafield><datafield ind1=" " ind2=" " tag="CAT"><subfield code="a">Sys</subfield><subfield code="c">20150202</subfield><subfield code="h">210717</subfield></datafield></record></collection>